<?xml version="1.0" encoding="UTF-8"?><record xmlns="http://www.loc.gov/MARC21/slim" xmlns:cinclude="http://apache.org/cocoon/include/1.0" xmlns:zs="http://www.loc.gov/zing/srw/">
  <leader>00354nz  a2200133n  4500</leader>
  <controlfield tag="001">no2007019520</controlfield>
  <controlfield tag="003">DLC</controlfield>
  <controlfield tag="005">20070223075138.0</controlfield>
  <controlfield tag="008">070221n| acannaabn          |n aaa     c</controlfield>
  <datafield tag="010" ind1=" " ind2=" ">
    <subfield code="a">no2007019520</subfield>
  </datafield>
  <datafield tag="035" ind1=" " ind2=" ">
    <subfield code="a">(OCoLC)oca07333418</subfield>
  </datafield>
  <datafield tag="040" ind1=" " ind2=" ">
    <subfield code="a">MnMN</subfield>
    <subfield code="b">eng</subfield>
    <subfield code="c">MnMN</subfield>
  </datafield>
  <datafield tag="100" ind1="1" ind2=" ">
    <subfield code="a">Favero, Kevin T.</subfield>
  </datafield>
  <datafield tag="670" ind1=" " ind2=" ">
    <subfield code="a">His The science of the soul, c2004:</subfield>
    <subfield code="b">t.p. (Kevin T. Favero)</subfield>
  </datafield>
</record>